@article{TheLIGOScientific:2014jea,
        author         = "Aasi, J. and others",
        title          = "{Advanced LIGO}",
        collaboration  = "LIGO Scientific Collaboration",
        journal        = "Classical Quantum Gravity",
        volume         = "32",
        pages          = "074001",
        doi            = "10.1088/0264-9381/32/7/074001",
        year           = "2015",
        eprint         = "1411.4547",
        archivePrefix  = "arXiv",
        primaryClass   = "gr-qc",
        SLACcitation   = "%%CITATION = ARXIV:1411.4547;%%",
}

@article{TheVirgo:2014hva,
      author         = "Acernese, F. and others",
      title          = "{Advanced Virgo: a second-generation interferometric
                        gravitational wave detector}",
      collaboration  = "Virgo Collaboration",
      journal        = "Classical Quantum Gravity",
      number         = "2",
      volume         = "32",
      pages          = "024001",
      doi            = "10.1088/0264-9381/32/2/024001",
      year           = "2015",
      eprint         = "1408.3978",
      archivePrefix  = "arXiv",
      primaryClass   = "gr-qc",
      SLACcitation   = "%%CITATION = ARXIV:1408.3978;%%",
}

@unpublished{Essick:2022slj,
    author = "Essick, Reed and Farr, Will M. and Fishbach, Maya and Holz, Daniel E. and Katsavounidis, Erik",
    title = "{An Isotropy Measurement with Gravitational Wave Observations}",
    eprint = "2207.05792",
    archivePrefix = "arXiv",
    primaryClass = "astro-ph.HE",
    month = "7",
    year = "2022"
}

@unpublished{Vitale:2022pmu,
    author = "Vitale, Salvatore and Biscoveanu, Sylvia and Talbot, Colm",
    title = "{The orientations of the binary black holes in GWTC-3}",
    eprint = "2204.00968",
    archivePrefix = "arXiv",
    primaryClass = "gr-qc",
    month = "4",
    year = "2022"
}

@article{Madau:2014bja,
    author = "Madau, Piero and Dickinson, Mark",
    title = "{Cosmic Star Formation History}",
    eprint = "1403.0007",
    archivePrefix = "arXiv",
    primaryClass = "astro-ph.CO",
    doi = "10.1146/annurev-astro-081811-125615",
    journal = "Ann. Rev. Astron. Astrophys.",
    volume = "52",
    pages = "415--486",
    year = "2014"
}

@unpublished{LIGOScientific:2021psn,
    author = "Abbott, R. and others",
    collaboration = "LIGO Scientific, VIRGO, KAGRA",
    title = "{The population of merging compact binaries inferred using gravitational waves through GWTC-3}",
    eprint = "2111.03634",
    archivePrefix = "arXiv",
    primaryClass = "astro-ph.HE",
    reportNumber = "LIGO-P2100239 ; Data release: https://zenodo.org/record/5655785, LIGO-P2100239",
    month = "11",
    year = "2021"
}

@article{Stiskalek:2020wbj,
    author = "Stiskalek, Richard and Veitch, John and Messenger, Chris",
    title = "{Are stellar--mass binary black hole mergers isotropically distributed?}",
    eprint = "2003.02919",
    archivePrefix = "arXiv",
    primaryClass = "astro-ph.HE",
    doi = "10.1093/mnras/staa3613",
    journal = "Mon. Not. Roy. Astron. Soc.",
    volume = "501",
    number = "1",
    pages = "970--977",
    year = "2021"
}

@article{Payne:2020pmc,
    author = "Payne, Ethan and Banagiri, Sharan and Lasky, Paul and Thrane, Eric",
    title = "{Searching for anisotropy in the distribution of binary black hole mergers}",
    eprint = "2006.11957",
    archivePrefix = "arXiv",
    primaryClass = "astro-ph.CO",
    doi = "10.1103/PhysRevD.102.102004",
    journal = "Phys. Rev. D",
    volume = "102",
    number = "10",
    pages = "102004",
    year = "2020"
}

@article{Cavaglia:2020fnc,
    author = "Cavaglia, Marco and Modi, Ashini",
    title = "{Two-dimensional correlation function of binary black hole coalescences}",
    eprint = "2005.06004",
    archivePrefix = "arXiv",
    primaryClass = "astro-ph.HE",
    reportNumber = "LIGO-P2000157",
    doi = "10.3390/universe6070093",
    journal = "Universe",
    volume = "6",
    number = "7",
    pages = "93",
    year = "2020"
}

@unpublished{Isi:2022mbx,
    author = "Isi, Maximiliano",
    title = "{Parametrizing gravitational-wave polarizations}",
    eprint = "2208.03372",
    archivePrefix = "arXiv",
    primaryClass = "gr-qc",
    reportNumber = "LIGO-P2200221",
    month = "8",
    year = "2022"
}

@article{Mandel:2018mve,
    author = "Mandel, Ilya and Farr, Will M. and Gair, Jonathan R.",
    title = "{Extracting distribution parameters from multiple uncertain observations with selection biases}",
    eprint = "1809.02063",
    archivePrefix = "arXiv",
    primaryClass = "physics.data-an",
    doi = "10.1093/mnras/stz896",
    journal = "Mon. Not. Roy. Astron. Soc.",
    volume = "486",
    number = "1",
    pages = "1086--1093",
    year = "2019"
}

@article{Loredo:2004nn,
    author = "Loredo, Thomas J.",
    editor = "Fischer, Rainer and Preuss, Roland and von Toussaint, Udo",
    title = "{Accounting for source uncertainties in analyses of astronomical survey data}",
    eprint = "astro-ph/0409387",
    archivePrefix = "arXiv",
    doi = "10.1063/1.1835214",
    journal = "AIP Conf. Proc.",
    volume = "735",
    number = "1",
    pages = "195--206",
    year = "2004"
}

@article{Fishbach:2021yvy,
    author = "Fishbach, Maya and Doctor, Zoheyr and Callister, Thomas and Edelman, Bruce and Ye, Jiani and Essick, Reed and Farr, Will M. and Farr, Ben and Holz, Daniel E.",
    title = "{When Are LIGO/Virgo\textquoteright{}s Big Black Hole Mergers?}",
    eprint = "2101.07699",
    archivePrefix = "arXiv",
    primaryClass = "astro-ph.HE",
    reportNumber = "LIGO-P2100007",
    doi = "10.3847/1538-4357/abee11",
    journal = "Astrophys. J.",
    volume = "912",
    number = "2",
    pages = "98",
    year = "2021"
}

@article{Fishbach:2018edt,
    author = "Fishbach, Maya and Holz, Daniel E. and Farr, Will M.",
    title = "{Does the Black Hole Merger Rate Evolve with Redshift?}",
    eprint = "1805.10270",
    archivePrefix = "arXiv",
    primaryClass = "astro-ph.HE",
    doi = "10.3847/2041-8213/aad800",
    journal = "Astrophys. J. Lett.",
    volume = "863",
    number = "2",
    pages = "L41",
    year = "2018"
}

@unpublished{LIGOScientific:2021usb,
    author = "Abbott, R. and others",
    collaboration = "LIGO Scientific, VIRGO",
    title = "{GWTC-2.1: Deep Extended Catalog of Compact Binary Coalescences Observed by LIGO and Virgo During the First Half of the Third Observing Run}",
    eprint = "2108.01045",
    archivePrefix = "arXiv",
    primaryClass = "gr-qc",
    reportNumber = "LIGO-P2100063",
    month = "8",
    year = "2021"
}

@unpublished{LIGOScientific:2021djp,
    author = "Abbott, R. and others",
    collaboration = "LIGO Scientific, VIRGO, KAGRA",
    title = "{GWTC-3: Compact Binary Coalescences Observed by LIGO and Virgo During the Second Part of the Third Observing Run}",
    eprint = "2111.03606",
    archivePrefix = "arXiv",
    primaryClass = "gr-qc",
    reportNumber = "LIGO-P2000318",
    month = "11",
    year = "2021"
}

@misc{GWOSC:GWTC-3,
    author = "{LIGO Scientific Collaboration, Virgo Collaboration and KAGRA Collaboration}",
    title = "{GWTC-3 Data Release}",
    url = "https://www.gw-openscience.org/GWTC-3/",
    note = "\url{https://www.gw-openscience.org/GWTC-3/}",
    year = 2021
}

@dataset{zenodo:GWTC-3,
  author       = "{LIGO Scientific Collaboration and Virgo Collaboration and KAGRA Collaboration}",
  title        = {{GWTC-3: Compact Binary Coalescences Observed by
                   LIGO and Virgo During the Second Part of the Third
                   Observing Run â€” Parameter estimation data release}},
  month        = nov,
  year         = 2021,
  publisher    = {Zenodo},
  doi          = {10.5281/zenodo.5546663},
  url          = {https://doi.org/10.5281/zenodo.5546663}
}

@misc{GWOSC:GWTC-2.1,
    author = "{LIGO Scientific Collaboration, Virgo Collaboration and KAGRA Collaboration}",
    title = "{GWTC-2.1 Data Release}",
    url = "{https://www.gw-openscience.org/GWTC-2.1/}",
    note = "\url{https://www.gw-openscience.org/GWTC-2.1/}",
    year = 2021
}

@dataset{zenodo:GWTC-2.1,
  author       = "{LIGO Scientific Collaboration and  Virgo Collaboration}",
  title        = {{GWTC-2.1: Deep Extended Catalog of Compact Binary
                   Coalescences Observed by LIGO and Virgo During the
                   First Half of the Third Observing Run - Parameter
                   Estimation Data Release}},
  month        = may,
  year         = 2022,
  publisher    = {Zenodo},
  version      = {v2},
  doi          = {10.5281/zenodo.6513631},
  url          = {https://doi.org/10.5281/zenodo.6513631}
}

@article{LIGOScientific:2019lzm,
    author = "Abbott, Rich and others",
    collaboration = "LIGO Scientific, Virgo",
    title = "{Open data from the first and second observing runs of Advanced LIGO and Advanced Virgo}",
    eprint = "1912.11716",
    archivePrefix = "arXiv",
    primaryClass = "gr-qc",
    reportNumber = "LIGO-P1900206",
    doi = "10.1016/j.softx.2021.100658",
    journal = "SoftwareX",
    volume = "13",
    pages = "100658",
    year = "2021"
}

@article{Pratten:2020ceb,
    author = "Pratten, Geraint and others",
    title = "{Computationally efficient models for the dominant and subdominant harmonic modes of precessing binary black holes}",
    eprint = "2004.06503",
    archivePrefix = "arXiv",
    primaryClass = "gr-qc",
    doi = "10.1103/PhysRevD.103.104056",
    journal = "Phys. Rev. D",
    volume = "103",
    number = "10",
    pages = "104056",
    year = "2021"
}

@article{Pratten:2020fqn,
    author = "Pratten, Geraint and Husa, Sascha and Garcia-Quiros, Cecilio and Colleoni, Marta and Ramos-Buades, Antoni and Estelles, Hector and Jaume, Rafel",
    title = "{Setting the cornerstone for a family of models for gravitational waves from compact binaries: The dominant harmonic for nonprecessing quasicircular black holes}",
    eprint = "2001.11412",
    archivePrefix = "arXiv",
    primaryClass = "gr-qc",
    reportNumber = "LIGO-P2000018",
    doi = "10.1103/PhysRevD.102.064001",
    journal = "Phys. Rev. D",
    volume = "102",
    number = "6",
    pages = "064001",
    year = "2020"
}

@article{Garcia-Quiros:2020qpx,
    author = "Garc\'\i{}a-Quir\'os, Cecilio and Colleoni, Marta and Husa, Sascha and Estell\'es, H\'ector and Pratten, Geraint and Ramos-Buades, Antoni and Mateu-Lucena, Maite and Jaume, Rafel",
    title = "{Multimode frequency-domain model for the gravitational wave signal from nonprecessing black-hole binaries}",
    eprint = "2001.10914",
    archivePrefix = "arXiv",
    primaryClass = "gr-qc",
    doi = "10.1103/PhysRevD.102.064002",
    journal = "Phys. Rev. D",
    volume = "102",
    number = "6",
    pages = "064002",
    year = "2020"
}

@article{Garcia-Quiros:2020qlt,
    author = "Garc\'\i{}a-Quir\'os, Cecilio and Husa, Sascha and Mateu-Lucena, Maite and Borchers, Angela",
    title = "{Accelerating the evaluation of inspiral\textendash{}merger\textendash{}ringdown waveforms with adapted grids}",
    eprint = "2001.10897",
    archivePrefix = "arXiv",
    primaryClass = "gr-qc",
    doi = "10.1088/1361-6382/abc36e",
    journal = "Class. Quant. Grav.",
    volume = "38",
    number = "1",
    pages = "015006",
    year = "2021"
}

@article{Romero-Shaw:2020owr,
    author = "Romero-Shaw, I. M. and others",
    title = "{Bayesian inference for compact binary coalescences with bilby: validation and application to the first LIGO\textendash{}Virgo gravitational-wave transient catalogue}",
    eprint = "2006.00714",
    archivePrefix = "arXiv",
    primaryClass = "astro-ph.IM",
    doi = "10.1093/mnras/staa2850",
    journal = "Mon. Not. Roy. Astron. Soc.",
    volume = "499",
    number = "3",
    pages = "3295--3319",
    year = "2020"
}

@article{Ashton:2018jfp,
    author = "Ashton, Gregory and others",
    title = "{BILBY: A user-friendly Bayesian inference library for gravitational-wave astronomy}",
    eprint = "1811.02042",
    archivePrefix = "arXiv",
    primaryClass = "astro-ph.IM",
    doi = "10.3847/1538-4365/ab06fc",
    journal = "Astrophys. J. Suppl.",
    volume = "241",
    number = "2",
    pages = "27",
    year = "2019"
}

@unpublished{Essick:2022ojx,
    author = "Essick, Reed and Farr, Will",
    title = "{Precision Requirements for Monte Carlo Sums within Hierarchical Bayesian Inference}",
    eprint = "2204.00461",
    archivePrefix = "arXiv",
    primaryClass = "astro-ph.IM",
    month = "4",
    year = "2022"
}

@article{Miller:2020zox,
    author = "Miller, Simona and Callister, Thomas A. and Farr, Will",
    title = "{The Low Effective Spin of Binary Black Holes and Implications for Individual Gravitational-Wave Events}",
    eprint = "2001.06051",
    archivePrefix = "arXiv",
    primaryClass = "astro-ph.HE",
    doi = "10.3847/1538-4357/ab80c0",
    journal = "Astrophys. J.",
    volume = "895",
    number = "2",
    pages = "128",
    year = "2020"
}

@dataset{o3-selection,
  author       = "{LIGO Scientific Collaboration and Virgo Collaboration and KAGRA Collaboration}",
  title        = {{GWTC-3: Compact Binary Coalescences Observed by
                   LIGO and Virgo During the Second Part of the Third
                   Observing Run â€” O3 search sensitivity estimates}},
  month        = nov,
  year         = 2021,
  publisher    = {Zenodo},
  doi          = {10.5281/zenodo.5546676},
  url          = {https://doi.org/10.5281/zenodo.5546676}
}

@misc{LALSuite:spins,
    author = {Creighton, J and Fairhurst, S and Krishnan, B and Santamaria, L and Keppel, D and Ochsner, E and Pankow, C and Klein, A},
    collaboration  = "LIGO Scientific and Virgo Collaborations",
    title = "{LALSimulation-LALInference parameter transformations}",
    url = "{https://lscsoft.docs.ligo.org/lalsuite/lalsimulation/group__lalsimulation__inference.html#ga1517b28ff879d5d1c7ba8468385e4054}",
    note = {Accessed: Oct 1, 2022}
}

@article{Kidder:1995zr,
    author = "Kidder, Lawrence E.",
    title = "{Coalescing binary systems of compact objects to postNewtonian 5/2 order. 5. Spin effects}",
    eprint = "gr-qc/9506022",
    archivePrefix = "arXiv",
    reportNumber = "NU-GR-11, WUGRAV-94-6A",
    doi = "10.1103/PhysRevD.52.821",
    journal = "Phys. Rev. D",
    volume = "52",
    pages = "821--847",
    year = "1995"
}

@article{Bohe:2012mr,
    author = "Bohe, Alejandro and Marsat, Sylvain and Faye, Guillaume and Blanchet, Luc",
    title = "{Next-to-next-to-leading order spin-orbit effects in the near-zone metric and precession equations of compact binaries}",
    eprint = "1212.5520",
    archivePrefix = "arXiv",
    primaryClass = "gr-qc",
    doi = "10.1088/0264-9381/30/7/075017",
    journal = "Class. Quant. Grav.",
    volume = "30",
    pages = "075017",
    year = "2013"
}

@TechReport{Anderson:T010110,
  author =        {Anderson, Warren G. and Brady, Patrick R. and Chin, David and Creighton, Jolien D. E. and Riles, Keith and Whelan, John T.},
  title =         "{Beam pattern response functions and times of arrival for earthbound interferometer}",
  institution =   {LIGO Scientific Collaboration},
  year    = {2002},
  number  = {LIGO-T010110},
  url   = {https://dcc.ligo.org/LIGO-T010110/public}
}

@software{skymap,
  author = "Singer, Leo",
  collaboration  = "LIGO Scientific and Virgo Collaborations",
  title = "\texttt{ligo.skymap}",
  url = "{https://pypi.org/project/ligo.skymap/}",
  note = {Accessed: Mar 8, 2023}
}

@article{Singer:2016eax,
    author = "Singer, Leo P. and others",
    title = "{Going the Distance: Mapping Host Galaxies of LIGO and Virgo Sources in Three Dimensions Using Local Cosmography and Targeted Follow-up}",
    eprint = "1603.07333",
    archivePrefix = "arXiv",
    primaryClass = "astro-ph.HE",
    reportNumber = "LIGO-P1500071-V4, LIGO-P1500071-V5, LIGO-P1500071-V6, LIGO-P1500071-V7",
    doi = "10.3847/2041-8205/829/1/L15",
    journal = "Astrophys. J. Lett.",
    volume = "829",
    number = "1",
    pages = "L15",
    year = "2016"
}

@article{Singer:2016erz,
    author = "Singer, Leo P. and others",
    title = "{Supplement: Going the Distance: Mapping Host Galaxies of LIGO and Virgo Sources in Three Dimensions Using Local Cosmography and Targeted Follow-up}",
    eprint = "1605.04242",
    archivePrefix = "arXiv",
    primaryClass = "astro-ph.IM",
    reportNumber = "LIGO-P1500071-V5, LIGO-P1500071-V6, LIGO-P1500071-V7",
    doi = "10.3847/0067-0049/226/1/10",
    journal = "Astrophys. J. Suppl.",
    volume = "226",
    number = "1",
    pages = "10",
    year = "2016"
}
